<record xmlns="http://www.loc.gov/MARC21/slim" xmlns:xsi="http://www.w3.org/2001/XMLSchema-instance" xsi:schemaLocation="http://www.loc.gov/MARC21/slim http://www.loc.gov/standards/marcxml/schema/MARC21slim.xsd">

  <leader>00739nam a2200193Ia 4500</leader>
  <datafield tag="999" ind1=" " ind2=" ">
    <subfield code="c">690</subfield>
    <subfield code="d">690</subfield>
  </datafield>
  <controlfield tag="008">170419b2008    cr ||||| |||| 00| | spa d</controlfield>
  <datafield ind2=" " ind1=" " tag="020">
    <subfield code="a">9789968930215</subfield>
  </datafield>
  <datafield tag="090" ind2=" " ind1=" ">
    <subfield code="a">02.04.02 </subfield>
    <subfield code="b">1622</subfield>
  </datafield>
  <datafield ind1="1" ind2=" " tag="100">
    <subfield code="a">Claramunt, María Cecilia</subfield>
    <subfield code="9">2665</subfield>
  </datafield>
  <datafield tag="245" ind1="1" ind2="0">
    <subfield code="a">Explotación sexual comercial: Instrumento para evaluar la efectividad de las intervenciones dirigidas a niñas, niños y personas adolescentes víctimas / </subfield>
    <subfield code="c">María Cecilia Claramunt</subfield>
  </datafield>
  <datafield ind2=" " ind1=" " tag="260">
    <subfield code="a">San José, Costa Rica : </subfield>
    <subfield code="b">Universidad de Costa Rica. Escuela de Psicología, </subfield>
    <subfield code="c">2008</subfield>
  </datafield>
  <datafield tag="300" ind1=" " ind2=" ">
    <subfield code="a">54 páginas</subfield>
  </datafield>
  <datafield ind2="4" ind1="1" tag="650">
    <subfield code="a">ABUSO SEXUAL</subfield>
    <subfield code="9">58</subfield>
  </datafield>
  <datafield ind1="1" ind2="4" tag="650">
    <subfield code="a">INSTRUMENTOS DE MEDICIÓN</subfield>
    <subfield code="9">2666</subfield>
  </datafield>
  <datafield ind1="1" ind2="4" tag="650">
    <subfield code="a">INVESTIGACIÓN</subfield>
    <subfield code="9">163</subfield>
  </datafield>
  <datafield ind2="4" ind1="1" tag="650">
    <subfield code="a">NIÑOS</subfield>
    <subfield code="9">59</subfield>
  </datafield>
  <datafield ind1="1" ind2="4" tag="650">
    <subfield code="9">5</subfield>
    <subfield code="a">ADOLESCENTES</subfield>
  </datafield>
  <datafield ind1=" " ind2=" " tag="942">
    <subfield code="2">z</subfield>
    <subfield code="c">01</subfield>
  </datafield>
</record>